@article{RS survey,
	title={Recommender systems survey},
	author={Bobadilla, Jes{\'u}s and Ortega, Fernando and Hernando, Antonio and Guti{\'e}rrez, Abraham},
	journal={Knowledge-based systems},
	volume={46},
	pages={109--132},
	year={2013},
	publisher={Elsevier}
}
@inproceedings{SVD-performance,
	title={On the performance of svd-based algorithms for collaborative filtering},
	author={Vozalis, Manolis and Markos, Angelos and Margaritis, Konstantinos},
	booktitle={2009 Fourth Balkan Conference in Informatics},
	pages={245--250},
	year={2009},
	organization={IEEE}
}
@article{contextual,
	title={When contextual information meets recommender systems: extended SVD++ models},
	author={Jallouli, Maryam and Lajmi, Sonia and Amous, Ikram},
	journal={International Journal of Computers and Applications},
	pages={1--8},
	year={2020},
	publisher={Taylor \& Francis}
}
@inproceedings{CF,
	title={Collaborative filtering-based recommender system: Approaches and research challenges},
	author={Sharma, Ritu and Gopalani, Dinesh and Meena, Yogesh},
	booktitle={2017 3rd international conference on computational intelligence \& communication technology (cict)},
	pages={1--6},
	year={2017},
	organization={IEEE}
}
@inproceedings{SVD++performance,
	title={Users' brands preference based on SVD++ in recommender systems},
	author={Jia, Yancheng and Zhang, Changhua and Lu, Qinghua and Wang, Peng},
	booktitle={2014 ieee workshop on advanced research and technology in industry applications (wartia)},
	pages={1175--1178},
	year={2014},
	organization={IEEE}
}
@misc{gower,
	title={Netflix prize and SVD},
	author={Gower, Stephen},
	year={2014},
	publisher={Working Paper}
}
@article{koren,
	title={The bellkor solution to the netflix grand prize},
	author={Koren, Yehuda},
	journal={Netflix prize documentation},
	volume={81},
	number={2009},
	pages={1--10},
	year={2009}
}
@inproceedings{netflix,
	title={The netflix prize},
	author={Bennett, James and Lanning, Stan and others},
	booktitle={Proceedings of KDD cup and workshop},
	volume={2007},
	pages={35},
	year={2007},
	organization={Citeseer}
}
@article{MFinRS,
	title={Matrix factorization techniques for recommender systems},
	author={Koren, Yehuda and Bell, Robert and Volinsky, Chris},
	journal={Computer},
	volume={42},
	number={8},
	pages={30--37},
	year={2009},
	publisher={IEEE}
}
@article{ApplySVD,
	title={Applying SVD on Generalized Item-based Filtering.},
	author={Vozalis, Manolis G and Margaritis, Konstantinos G}
}
@article{CF-IterPCA,
	title={Collaborative filtering based on iterative principal component analysis},
	author={Kim, Dohyun and Yum, Bong-Jin},
	journal={Expert Systems with Applications},
	volume={28},
	number={4},
	pages={823--830},
	year={2005},
	publisher={Elsevier}
}
@inproceedings{sim,
	title={A combinative similarity computing measure for collaborative filtering},
	author={Guo, Lin and Peng, Qin Ke},
	booktitle={Applied Mechanics and Materials},
	volume={347},
	pages={2919--2925},
	year={2013},
	organization={Trans Tech Publ}
}
@article{new-sim,
	title={A new user similarity model to improve the accuracy of collaborative filtering},
	author={Liu, Haifeng and Hu, Zheng and Mian, Ahmad and Tian, Hui and Zhu, Xuzhen},
	journal={Knowledge-Based Systems},
	volume={56},
	pages={156--166},
	year={2014},
	publisher={Elsevier}
}
@inproceedings{sim-CF,
	title={Similarity measures for collaborative filtering recommender systems},
	author={Al Hassanieh, Lamis and Abou Jaoudeh, Chadi and Abdo, Jacques Bou and Demerjian, Jacques},
	booktitle={2018 IEEE Middle East and North Africa Communications Conference (MENACOMM)},
	pages={1--5},
	year={2018},
	organization={IEEE}
}
@article{CF-sign,
	title={Collaborative filtering based on significances},
	author={Bobadilla, Jes{\'u}s and Hernando, Antonio and Ortega, Fernando and Guti{\'e}rrez, Abraham},
	journal={Information Sciences},
	volume={185},
	number={1},
	pages={1--17},
	year={2012},
	publisher={Elsevier}
}
@inproceedings{korenFactorization,
	title={Factorization meets the neighborhood: a multifaceted collaborative filtering model},
	author={Koren, Yehuda},
	booktitle={Proceedings of the 14th ACM SIGKDD international conference on Knowledge discovery and data mining},
	pages={426--434},
	year={2008}
}
@article{koren2010,
	title={Factor in the neighbors: Scalable and accurate collaborative filtering},
	author={Koren, Yehuda},
	journal={ACM Transactions on Knowledge Discovery from Data (TKDD)},
	volume={4},
	number={1},
	pages={1--24},
	year={2010},
	publisher={ACM New York, NY, USA}
}
@inproceedings{review,
	title={A review on matrix factorization techniques in recommender systems},
	author={Mehta, Rachana and Rana, Keyur},
	booktitle={2017 2nd International Conference on Communication Systems, Computing and IT Applications (CSCITA)},
	pages={269--274},
	year={2017},
	organization={IEEE}
}
@article{MF-Model-Survey,
	title={Matrix factorization model in collaborative filtering algorithms: A survey},
	author={Bokde, Dheeraj and Girase, Sheetal and Mukhopadhyay, Debajyoti},
	journal={Procedia Computer Science},
	volume={49},
	pages={136--146},
	year={2015},
	publisher={Elsevier}
}
@inproceedings{latentFactor-RS,
	title={Latent factor model applied to recommender system: realization, steps and algorithm},
	author={Jallouli, Maryam and Lajmi, Sonia and Amous, Ikram},
	booktitle={European, Mediterranean, and Middle Eastern Conference on Information Systems},
	pages={606--618},
	year={2017},
	organization={Springer}
}
@article{RSVD,
	title={Regularized singular value decomposition and application to recommender system},
	author={Zheng, Shuai and Ding, Chris and Nie, Feiping},
	journal={arXiv preprint arXiv:1804.05090},
	year={2018}
}
@inproceedings{RSVD-News,
	title={Regularized singular value decomposition in news recommendation system},
	author={Ji, Youchun and Hong, Wenxing and Shangguan, Yali and Wang, Huan and Ma, Jing},
	booktitle={2016 11th International Conference on Computer Science \& Education (ICCSE)},
	pages={621--626},
	year={2016},
	organization={IEEE}
}
@ARTICLE{R-Model,  
	author={Guo, Guibing and Zhang, Jie and Yorke-Smith, Neil},  
	journal={IEEE Transactions on Knowledge and Data Engineering},   
	title={A Novel Recommendation Model Regularized with User Trust and Item Ratings},   year={2016},  
	volume={28},  
	number={7},  
	pages={1607-1620},  
	doi={10.1109/TKDE.2016.2528249}
}
@inproceedings{weighted-lambda-old,
	author="Zhou, Yunhong
	and Wilkinson, Dennis
	and Schreiber, Robert
	and Pan, Rong",
	editor="Fleischer, Rudolf
	and Xu, Jinhui",
	title="Large-Scale Parallel Collaborative Filtering for the Netflix Prize",
	booktitle="Algorithmic Aspects in Information and Management",
	year="2008",
	publisher="Springer Berlin Heidelberg",
	address="Berlin, Heidelberg",
	pages="337--348",
	isbn="978-3-540-68880-8"
}
@inproceedings{Kernel-MF,
	author = {Liu, Xinyue and Aggarwal, Chara and Li, Yu-Feng and Kong, Xiaugnan and Sun, Xinyuan and Sathe, Saket},
	year = {2016},
	month = {06},
	pages = {378-386},
	title = {Kernelized Matrix Factorization for Collaborative Filtering},
	doi = {10.1137/1.9781611974348.43}
}
@inproceedings{tensor,
	author = {Karatzoglou, Alexandros and Amatriain, Xavier and Baltrunas, Linas and Oliver, Nuria},
	year = {2010},
	month = {01},
	pages = {79-86},
	title = {Multiverse Recommendation: N-dimensional Tensor Factorization for context-aware Collaborative Filtering},
	journal = {RecSys'10 - Proceedings of the 4th ACM Conference on Recommender Systems},
	doi = {10.1145/1864708.1864727}
}
@inproceedings{tensor-neighbor,
	author    = {Xiaoyu Tang and
	Yue Xu and
	Shlomo Geva},
	editor    = {Oliver Brdiczka and
	Polo Chau and
	Giuseppe Carenini and
	Shimei Pan and
	Per Ola Kristensson},
	title     = {Learning Higher-Order Interactions for User and Item Profiling Based
	on Tensor Factorization},
	booktitle = {Proceedings of the 20th International Conference on Intelligent User
	Interfaces, {IUI} 2015, Atlanta, GA, USA, March 29 - April 01, 2015},
	pages     = {213--224},
	publisher = {{ACM}},
	year      = {2015},
	url       = {https://doi.org/10.1145/2678025.2701369},
	doi       = {10.1145/2678025.2701369}
}
@inproceedings{social-regularization,
	author = {Ma, Hao and Zhou, Dengyong and Liu, Chao and Lyu, Michael and King, Irwin},
	year = {2011},
	month = {01},
	pages = {287-296},
	title = {Recommender systems with social regularization},
	journal = {WSDM},
	doi = {10.1145/1935826.1935877}
}